<record><leader>00000cas a2200000 a 4500</leader><controlfield tag="001">18903833</controlfield><controlfield tag="008">881215d19211924waudn ne      0    0eng d</controlfield><datafield ind1=" " ind2=" " tag="010"><subfield code="a">sn 88087236 </subfield></datafield><datafield ind1=" " ind2=" " tag="040"><subfield code="a">SLZ</subfield><subfield code="b">eng</subfield><subfield code="c">SLZ</subfield><subfield code="d">WAU</subfield><subfield code="d">OCL</subfield><subfield code="d">WAU</subfield><subfield code="d">OCLCQ</subfield><subfield code="d">OCLCF</subfield><subfield code="d">OCLCO</subfield></datafield><datafield ind1="1" ind2=" " tag="029"><subfield code="a">AU@</subfield><subfield code="b">000020539511</subfield></datafield><datafield ind1=" " ind2=" " tag="042"><subfield code="a">msc</subfield></datafield><datafield ind1=" " ind2=" " tag="043"><subfield code="a">n-us-wa</subfield></datafield><datafield ind1="0" ind2=" " tag="130"><subfield code="a">Daily journal of commerce (Seattle, Wash.)</subfield></datafield><datafield ind1="1" ind2="0" tag="245"><subfield code="a">Daily journal of commerce.</subfield></datafield><datafield ind1="1" ind2="7" tag="246"><subfield code="a">Daily journal of commerce and the daily bulletin</subfield></datafield><datafield ind1=" " ind2=" " tag="260"><subfield code="a">Seattle, Wash. :</subfield><subfield code="b">Record Pub. Co.</subfield></datafield><datafield ind1=" " ind2=" " tag="300"><subfield code="a">v.</subfield></datafield><datafield ind1=" " ind2=" " tag="310"><subfield code="a">Daily (except Sunday)</subfield></datafield><datafield ind1="0" ind2=" " tag="362"><subfield code="a">Vol. 28, no. 207 (Aug. 30, 1921)-v. 31, no. 248 (Oct. 15, 1924).</subfield></datafield><datafield ind1=" " ind2="0" tag="651"><subfield code="a">Seattle (Wash.)</subfield><subfield code="v">Newspapers.</subfield></datafield><datafield ind1=" " ind2="7" tag="655"><subfield code="a">Newspapers.</subfield><subfield code="2">fast</subfield><subfield code="0">(OCoLC)fst01423814</subfield></datafield><datafield ind1=" " ind2="7" tag="651"><subfield code="a">Washington (State)</subfield><subfield code="z">Seattle.</subfield><subfield code="2">fast</subfield><subfield code="0">(OCoLC)fst01204940</subfield></datafield><datafield ind1=" " ind2=" " tag="752"><subfield code="a">United States</subfield><subfield code="b">Washington</subfield><subfield code="c">King</subfield><subfield code="d">Seattle.</subfield></datafield><datafield ind1="1" ind2=" " tag="776"><subfield code="c">Microfilm</subfield><subfield code="d">Filmed for the University of Washington Libraries</subfield><subfield code="w">(DLC)  2002252015</subfield><subfield code="w">(OCoLC)49038525</subfield></datafield><datafield ind1="0" ind2="0" tag="780"><subfield code="t">Daily journal of commerce and the daily bulletin</subfield><subfield code="w">(DLC)sn 88087235</subfield><subfield code="w">(OCoLC)18903762</subfield></datafield><datafield ind1="0" ind2="0" tag="785"><subfield code="t">Seattle daily journal of commerce</subfield><subfield code="w">(DLC)sn 88087237</subfield><subfield code="w">(OCoLC)18903893</subfield></datafield></record>